@book{pivaalgoritmos,
  title={Algoritmos e Programa{\c{c}}{\~a}o de Computadores},
  author={PIVA, D. and DE MENDON{\c{C}}A ENGELBRECHT, A. and NAKAMITI, G.S. and BIANCHI, F.},
  isbn={9788535250312},
  year={2012},
  publisher={CAMPUS},
  keywords={AlgComp}
}

@book{celes2004introdução,
  title={Introdu{\c{c}}{\~a}o a estruturas de dados: com t{\'e}cnicas de programa{\c{c}}{\~a}o em C},
  author={Celes, W. and Cerqueira, R. and Rangel, J.L.},
  isbn={9788535212280},
  series={Editora Campus - SBC},
  year={2008},
  publisher={CAMPUS - RJ},
  keywords={AlgComp}
}

@book{deitel2011c,
  title={C: Como programar},
  author={Deitel, H.M. and Deitel, P.J.},
  isbn={9788576059349},
  year={2011},
  publisher={Pearson},
  keywords={AlgComp}
}

@book{edelweiss2009estruturas,
  title={Estruturas de Dados},
  author={Edelweiss, N. and Galante, R.},
  isbn={9788577803811},
  year={2009},
  publisher={Bookman},
  keywords={AlgComp}
}

@book{feofiloff2009algoritmos,
  title={Algoritmos Em Linguagem C},
  author={Feofiloff, P.},
  isbn={9788535232493},
  year={2009},
  publisher={CAMPUS - RJ},
  keywords={AlgComp}
}

@book{king2010c,
  title={C Programming: A Modern Approach, 2nd Edition: },
  author={King, K.N.},
  isbn={9780393979503},
  year={2010},
  publisher={W.W. Norton},
  keywords={AlgComp}
}

@book{menezes2010,
  title={Introdução \`{a} Programação com Python},
  author={Menezes, N.N.C.},
  isbn={9788575222508},
  year={2010},
  publisher={Editora Novatec},
  keywords={AlgComp}
}

@book{Ziviani,
  title={Projetos de Algoritmos com implementações em Pascal e C},
  author={Ziviani, N.},
  isbn={9788522110506},
  year={2011},
  publisher={Cengage Learning},
  keywords={AlgComp}
}

@book{veloso1984estruturas,
  title={Estruturas de dados},
  author={Veloso, Paulo A. S. and dos SANTOS, C.S. and Furtado, A.L. and Azeredo, P.A.},
  isbn={85-700-1352-3},
  year={1984},
  publisher={Campus},
  keywords={EstrInf}
}

@book{wirth1989algoritmos,
  title={Algoritmos e estruturas de dados},
  author={Wirth, N. and Cheng, M.L. and Neto, J.J.},
  isbn={9788570540331},
  year={1989},
  publisher={Prentice/Hall do Brasil},
  keywords={EstrInf}
}

@book{szwarcfiter1994estruturas,
  title={Estruturas de dados e seus algoritmos},
  author={Szwarcfiter, J.L. and Markenzon, L.},
  isbn={9788521610144},
  year={1994},
  publisher={Livros Tecnicos e Cientificos},
  keywords={EstrInf}
}

@book{kernighan1989c,
  title={C: a linguagem de programa{\c{c}}{\~a}o padr{\~a}o ANSI},
  author={Kernighan, B.W. and Ritchie, D.M.},
  isbn={978-85-7001-586-0},
  year={1989},
  publisher={Campus},
  keywords={LabProgI}
}

@book{damaslinguagem,
  title={LINGUAGEM C},
  author={DAMAS, L.M.D.},
  isbn={978-85-2161-519-4},
  year={2007},
  edition={10a. Edi{\c{c}}{\~a}o},
  publisher={LTC},
  keywords={LabProgI}
}

@book{nevesprogramação,
  title={Programa{\c{c}}{\~a}o Shell Linux (7a. edi{\c{c}}{\~a}o)},
  author={NEVES, J.C.},
  year={2013},
  edition={9a. Edi{\c{c}}{\~a}o},
  isbn={978-85-7452-593-8},
  publisher={BRASPORT},
 keywords={LabProgI}
}

@book{shaw2015learn,
  title={Learn C the Hard Way: A Clear \& Direct Introduction to Modern C Programming},
  author={Shaw, Z.},
  isbn={978-03-2188-492-3},
  series={Zed Shaw's Hard Way},
  year={2015},
  publisher={Addison Wesley Professional},
  entrysubtype={ref},
  keywords={LabProgI}
}

@book{sebesta2011conceitos,
  title={Conceitos de Linguagens de Programa{\c{c}}{\~a}o},
  author={Sebesta, R.W.},
  isbn={9788577808625},
  year={2011},
  publisher={Bookman},
  keywords={LabProgII}
}

@book{tucker2009linguagens,
  title={Linguagens de programa{\c{c}}{\~a}o: princ{\'i}pios e paradigmas},
  author={Tucker, A.B. and Noonan, R.E.},
  isbn={9788577260447},
  year={2009},
  publisher={McGraw-Hill},
    keywords={LabProgII}
}

@book{seibel2005practical,
  title={Practical Common Lisp},
  author={Seibel, P.},
  isbn={9781430200178},
  series={Books for Professionals by Professionals},
  year={2005},
  publisher={Apress},
  keywords={LabProgII}
}

@book{Graham:1995:ACL:229872,
 author = {Graham, Paul},
 title = {ANSI Common Lisp},
 year = {1996},
 isbn = {0-13-370875-6},
 publisher = {Prentice Hall Press},
 address = {Upper Saddle River, NJ, USA},
 keywords={LabProgII}
} 

@book{Bratko:1990:PPA:533072,
 author = {Bratko, Ivan},
 title = {PROLOG Programming for Artificial Intelligence},
 year = {1990},
 isbn = {0201416069},
 edition = {2nd},
 publisher = {Addison-Wesley Longman Publishing Co., Inc.},
 address = {Boston, MA, USA},
 keywords={LabProgII}
} 

@book{Keefe:1990:CP:83204,
 author = {OKeefe, Richard A.},
 title = {The Craft of Prolog},
 year = {1990},
 isbn = {0-262-15039-5},
 publisher = {MIT Press},
 address = {Cambridge, MA, USA},
 keywords={LabProgII}
} 

@online{javaonline,
  title={The JavaTM Tutorials},
  url={http://docs.oracle.com/javase/tutorial/},
  keywords={LabProgII}
}

@book{Zakhour:2013:JTS:2462631,
 author = {Zakhour, Sharon Biocca and Kannan, Sowmya and Gallardo, Raymond},
 title = {The Java Tutorial: A Short Course on the Basics (5th Edition)},
 year = {2013},
 isbn = {9780132761697},
 edition = {5th},
 publisher = {Addison-Wesley Professional},
 keywords={LabProgII}
} 

@book{da2006lógica,
  title={L{\'o}gica para computa{\c{c}}{\~a}o},
  author={da Silva, F.S.C. and de Melo, A.C.V. and Finger, M.},
  isbn={9788522105175},
  year={2006},
  publisher={Thomson Learning},
  keywords={LogProg}
}

@book{russell2010artificial,
  title={Artificial Intelligence: A Modern Approach},
  author={Russell, S.J. and Norvig, P.},
  isbn={9780136042594},
  series={Prentice Hall series in artificial intelligence},
  year={2010},
  publisher={Prentice Hall},
  keywords={LogProg}
}

@online{blackburn2006learn,
  title={Learn Prolog Now!},
  author={Blackburn, P. and Bos, J. and Striegnitz, K.},
  isbn={9781904987178},
  series={Texts in computing},
  url={http://www.learnprolognow.org/},
  year={2006},
  publisher={College Publications},
  keywords={LogProg}
}

@book{baader2003description,
  title={The Description Logic Handbook: Theory, Implementation, and Applications},
  editor={Baader, F. and  Calvanese, D. and McGuinness, D. L. and Nardi, D. and Patel-Schneider, P. F.},
  isbn={0521150116},
  year={2010},
  publisher={Cambridge University Press},
  keywords={LogProg}
}

@article{krotzsch2012description,
  title={A description logic primer},
  author={Kr{\"o}tzsch, Markus and Simancik, Frantisek and Horrocks, Ian},
  journal={arXiv preprint arXiv:1201.4089},
  url={http://www.learnprolognow.org/},
  year={2012},
  keywords={LogProg}
}

@online{protege,
  title={Protégé Ontology Editor},
  url={http://protege.stanford.edu},
  keywords={LogProg}
}

@book{daft2002organizacoes,
  title={Organiza{\c{c}}{\~o}es: teorias e projetos},
  author={Daft, R.L. and Moreira, C.K.},
  isbn={9788522102570},
  year={2014},
  publisher={Pioneira Thomson Leraning},
  keywords={EngSistA}
}

@book{do2004planejamento,
  title={Planejamento e controle de projetos},
  author={do Prado, D.S.},
  isbn={9788598254517},
  series={S{\'e}rie Ger{\^e}ncia de projetos},
  year={2013},
  publisher={INDG Tecnologia e Servi{\c{c}}os},
  keywords={EngSistA}
}

@book{sommerville2008engenharia,
  title={Engenharia de software},
  author={Sommerville, I.},
  isbn={9788588639287},
  year={2010},
  publisher={Addison Wesley Brasil},
  keywords={EngSistA}
}

@book{de2003engenharia,
  title={Engenharia de software: fundamentos, m{\'e}todos e padr{\~o}es},
  author={de Padua Paula Filho, W.},
  isbn={978-8521616504},
  year={2009},
  publisher={Livros T{\'e}cnicos e Cient{\'i}ficos},
  keywords={EngSistA}
}

@book{xidieh1998benchmarking,
  title={Benchmarking},
  author={Xidieh, D.B.},
  series={T{\'o}picos Atuais em Administra{\c{c}}{\~a}o},
  year={2000},
  publisher={Editora Al{\'i}nea},
  keywords={EngSistA}
}

@book{ibm1998,
  title={Brainstorming},
  author={IBM},
  year={1998},
  publisher={Manual IBM},
  keywords={EngSistA}
}

@book{leiserson2002algoritmos,
  title={Algoritmos: teoria e pr{\'a}tica},
  author={Cormen, T.H. and Leiserson, C.E. and Rivest, R.L. and Stein, C.},
  isbn={9788535236996},
  year={2012},
  publisher={Campus - RJ},
  keywords={AnAlg}
}

@book{kleinberg2012algorithm,
  title={Algorithm Design},
  author={Kleinberg, J. and Tardos, {\'E}.},
  isbn={9780321295354},
  year={2012},
  publisher={Pearson Education},
  keywords={AnAlg}
}

@book{daredes,
  title={Redes Neurais Artificiais para Engenharia e Ciências Aplicadas: Curso Prático},
  author={Da Silva, I.N. and Spatti, D.H. and Flauzino, R.A.},
  isbn={9788588098534},
  year={2010},
  publisher={Artliber},
  keywords={IntComp}
}

%@book{lindenalgoritmos,
%  title={Algoritmos Gen{\'e}ticos (2a edi{\c{c}}{\~a}o)},
%  author={Linden, R.},
%  isbn={9788574523736},
%  year={2012},
%  publisher={Ci{\^e}ncia Moderna},
%  keywords={IntComp}
%}

@book{oliveirainteligencia,
  title={Inteligência Computacional Aplicada à Administração, Economia e Engenharia em MATLAB},
  author={Oliveira Jr., H.A.  and Machado, M.A.S. and Caldeira, A.M. and Souza, R.C. and Tanscheit, R.},
  isbn={9788522105601},
  year={2007},
  publisher={Thomson Learning},
  keywords={IntComp}
}

@book{teoreyprojeto,
  title={Projeto e modelagem de bancos de dados},
  author={Teorey, Toby and Lightstone, Sam and Nadeu, Tom and Jagadish, H.V.},    
  isbn={978-85-352-6445-6},
  year={2013},
  edition={5},
  publisher={Editora Campus},
  keywords={EngSistB}
}

@book{silberschatz1999sistema,
  title={Sistema de bancos de dados},
  author={Silberschatz, A. and Korth, H.F. and Sudarshan, S.},
  isbn={978-85-352-4535-6},
  year={2012},
  edition={6},
  publisher={Editora Campus},
  keywords={EngSistB}
}

@book{elmasri2005sistemas,
  title={Sistemas de banco de dados},
  author={Elmasri, R. and Navathe, S.B.},
  isbn={9788588639171},
  year={2011},
  edition={6},
  publisher={Pearson Addison Wesley},
  entrysubtype={ref},
  keywords={EngSistB}
}

@book{angelottibanco,
  title={Banco de Dados},
  author={Angelotti, Elaini Simoni},
  isbn={9788563687029},
  year={2012},
  publisher={Editora do Livro Técnico},
  entrysubtype={ref},
  keywords={EngSistB}
}


@book{robsistemas,
  title={Sistemas de Banco de Dados - Projeto, Implementa{\c{c}}\~{a}o e Administra{\c{c}}\~{a}o},
  author={Rob, P. and Coronel, C.},
  isbn={9788522107865},
  year={2010},
  publisher={Editora Cengage Learning},
  entrysubtype={ref},
  keywords={EngSistB}
}

@book{date2004introdução,
  title={Introdu{\c{c}}{\~a}o a Sistemas de Bancos de Dados},
  author={Date, C.J.},
  isbn={9788535212730},
  year={2004},
  edition={8},
  publisher={Editora Campus},
  entrysubtype={ref},
  keywords={EngSistB}
}

@book{hennessy2012computer,
  title={Arquitetura de computadores: uma abordagem quantitativa},
  author={Hennessy, J.L. and Patterson, D.A.},
  isbn={978-85-352-6122-6},
  year={2013},
  publisher={Campus},
  keywords={ArqComp, Eletiva2_RedesDeInter}
}

@book{patterson2013computer,
  title={Organização e Projeto de Computadores: A Interface Hardware/software},
  author={Patterson, David A. and Hennessy, John L.},
  isbn={978-85-352-3585-2},
  year={2013},
  publisher={Campus},
  keywords={ArqComp}
}

@book{stallings2010arquitetura,
  title={Arquitetura e organiza{\c{c}}{\~a}o de computadores},
  author={Stallings, W.},
  isbn={9788576055648},
  year={2010},
  publisher={Prentice Hall},
  keywords={ArqComp}
}

@book{arquiteura,
  title={Arquitetura de computadores: de microprocessadores a supercomputadores},
  author={Parhami, Behrooz},
  isbn={9788577260256},
  year={2008},
  publisher={Prentice Hall},
  keywords={ArqComp, Eletiva2_RedesDeInter}
}

@book{duato2003interconnection,
  title={Interconnection Networks: An Engineering Approach},
  author={Duato, J. and Yalamanchili, S. and Ni, L.M.},
  isbn={9781558608528},
  series={The Morgan Kaufmann Series in Computer Architecture and Design Series},
  year={2003},
  publisher={Morgan Kaufmann},
  keywords={Eletiva2_RedesDeInter}
}

@book{tanenbaum2007organização,
  title={Organiza{\c{c}}{\~a}o estruturada de computadores},
  author={Tanenbaum, A.S.},
  isbn={9788576050674},
  year={2007},
  publisher={Prentice Hall},
  keywords={ArqComp}
}

@book{schwartzman1979formaccao,
  title={Forma{\c{c}}{\~a}o da comunidade cient{\'i}fica no Brasil},
  author={Schwartzman, Simon},
  volume={2},
  year={1979},
  address={Rio de Janeiro},
  publisher={Companhia Editora Nacional},
  keywords={EngCompSoc}
}

@book{vargas1996historia,
  title={Hist{\'o}ria da t{\'e}cnica e da tecnologia no Brasil},
  author={Vargas, M.},
  isbn={9788571390720},
  series={Cole{\c{c}}{\~a}o Biblioteca b{\'a}sica},
  year={1996},
  publisher={Editora UNESP, Funda{\c{c}}{\~a}o para o Desenvolvimento da UNESP},
  address={S{\~a}o Paulo},
  keywords={EngCompSoc}
}

@book{kneller1980ciencia,
  title={A ci{\^e}ncia como atividade humana},
  author={Kneller, G.F.},
  year={1978},
  publisher={Zahar},
  address={Rio de Janeiro},
  keywords={EngCompSoc}
}

@book{holtzapple2006introducao,
  title={Introdu{\c{c}}{\~a}o {\`a} engenharia},
  author={Holtzapple, M.T. and Reece, H.},
  isbn={9788521615118},
  year={2006},
  publisher={LTC},
  address={Rio de Janeiro},
  keywords={EngCompSoc}
}

@book{aho2008compiladores,
  title={Compiladores: princ{\'i}pios, t{\'e}cnicas e ferramentas},
  author={AHO, A.V. and Sethi, R. and Lam, S.},
  isbn={9788588639249},
  year={2008},
  edition={2},
  publisher={Pearson Addison Wesley},
  keywords={TeoCompil}
}

@book{hopcroftintroduçao,
  title={Introdu{\c{c}}{\~a}o {\`a} Teoria de Aut{\^o}matos, Linguagens e Computa{\c{c}}{\~a}o},
  author={Hopcroft, J. E. and Motwani, R. and Ullman, J. D.},
  isbn={9788535210729},
  publisher={Campus},
  keywords={TeoCompil}
}

@book{de2000implementação,
  title={Implementa{\c{c}}{\~a}o de linguagens de programa{\c{c}}{\~a}o: compiladores},
  author={de Alencar Price, A.M. and Toscani, S.S. and Instituto de Inform{\'a}tica da UFRGS.},
  isbn={9788524106392},
  series={S{\'e}rie Livros Did{\'a}ticos},
  volume={9},
  edition={3},
  year={2008},
  publisher={Bookman},
  entrysubtype={ref},
  keywords={TeoCompil}
}

@book{lewis2004elementos,
  title={Elementos de teoria da computa{\c{c}}{\~a}o},
  author={Lewis, H.R. and Papadimitriou, C.H.},
  isbn={9788573075342},
  edition={2},
  year={2000},
  publisher={Bookman},
  entrysubtype={ref},
  keywords={TeoCompil}
}

@book{diverio2011teoria,
  title={Teoria da Computa{\c{c}}{\~a}o: M{\'a}quinas Universais e Computabilidade - Vol.5},
  author={Diverio, T.A. and Menezes, P.B.},
  isbn={9788577808311},
  year={2011},
  volume={5},
  edition={3},
  publisher={Bookman},
  entrysubtype={ref},
  keywords={TeoCompil}
}

@book{louden2004compiladores,
  title={Compiladores - Princ{\'i}pios e Pr{\'a}ticas},
  author={Louden, K.C.},
  isbn={9788522104222},
  year={2004},
  publisher={Pioneira Cengage Learning},
  entrysubtype={ref},
  keywords={TeoCompil}
}

@book{tanenbaum2010sistemas,
  title={Sistemas operacionais modernos},
  author={Tanenbaum, A.S.},
  isbn={9788576052371},
  year={2010},
  publisher={Prentice-Hall do Brasil},
  keywords={ArqSisOp}
}

@book{silberschatz2008sistemas,
  title={Sistemas Operacionais com Java},
  author={Silberschatz, A.},
  isbn={9788535224061},
  year={2008},
  publisher={Campus - RJ},
  keywords={ArqSisOp}
}

@book{tanenbaumsistemas,
  title={Sistemas Operacionais: Projetos e Implementa{\c{c}}{\~a}o},
  author={Tanenbaum, A.S. and Woodhull, A.S.},
  isbn={9788577802852},
  year={2008},
  publisher={Bookman},
  entrysubtype={ref},
  keywords={ArqSisOp}
}

@book{deitel2005sistemas,
  title={Sistemas operacionais},
  author={Deitel, H.M. and Deitel, P.J. and Choffnes, D.R.},
  isbn={9788576050117},
  year={2005},
  publisher={Pearson Prentice Hall},
  entrysubtype={ref},
  keywords={ArqSisOp}
}

@book{foster1995designing,
  title={Designing and Building Parallel Programs: Concepts and Tools for Parallel Software Engineering},
  author={Foster, I.},
  isbn={9780201575941},
  series={Literature and Philosophy},
  url={http://www-unix.mcs.anl.gov/dbpp},
  year={1995},
  publisher={Addison-Wesley},
  entrysubtype={ref},
  keywords={ArqSisOp}
}

@book{stallings2009operating,
 title={Operating Systems: Internals and Design Principles},
  author={Stallings, W.},
  isbn={9780133805918},
  series={GOAL Series},
  year={2014},
  publisher={Pearson/Prentice Hall},
  entrysubtype={ref},
  keywords={ArqSisOp}
}

@book{goldschmidtdata,
  title={Data Mining - Um Guia Prático},
  author={Goldschmidt, R. and Passos, E.},
  isbn={9788535218770},
  year={2005},
  publisher={Campus},
  keywords={MinDados}
}

@book{lindenalgoritmos,
  title={Algoritmos Gen{\'e}ticos},
  author={Linden, R.},
  edition={3},
  year={2012},
  isbn={9788574523736},
  publisher={Ciência Moderna},
  keywords={MinDados}
}

@book{witten2011data,
  title={Data Mining: Practical Machine Learning Tools and Techniques},
  author={Witten, I.H. and Frank, E. and Hall, M.A.},
  isbn={9780080890364},
  series={The Morgan Kaufmann Series in Data Management Systems},
  year={2011},
  publisher={Elsevier Science},
  entrysubtype={ref},
  keywords={MinDados}
}

@book{han2011data,
  title={Data Mining: Concepts and Techniques},
  author={Han, J. and Kamber, M. and Pei, J.},
  isbn={9780123814807},
  series={The Morgan Kaufmann Series in Data Management Systems},
  year={2011},
  publisher={Elsevier Science},
  entrysubtype={ref},
  keywords={MinDados}
}

@book{de2006sistemas,
  title={Sistemas embarcados: hardware e firmware na pr{\'a}tica},
  author={de Oliveira, A.S. and de Andrade, F.S.},
  isbn={9788536501055},
  year={2006},
  publisher={Editora {\'E}rica Ltda},
  keywords={SisEmb}
}

@book{d2005vhdl,
  title={VHDL: descri{\c{c}}ao e s{\'i}ntese de circuitos digitais},
  author={D'Amore, R.},
  isbn={978-85-216-2054-9},
  year={2012},
  publisher={LTC},
  keywords={SisEmb}
}

@book{flynn2011computer,
  title={Computer System Design: System-on-Chip},
  author={Flynn, M.J. and Luk, W.},
  isbn={9781118009918},
  year={2011},
  publisher={John Wiley \& Sons},
  entrysubtype={ref},
  keywords={SisEmb}
}

@book{pasricha2010chip,
  title={On-Chip Communication Architectures: System on Chip Interconnect},
  author={Pasricha, S. and Dutt, N.},
  isbn={9780080558288},
  series={ISSN},
  url={https://books.google.com.br/books?id=uR3Vw9mYtpIC},
  year={2010},
  publisher={Elsevier Science},
  entrysubtype={ref},
  keywords={SisEmb}
}

@book{noergaard2012embedded,
  title={Embedded Systems Architecture: A Comprehensive Guide for Engineers and Programmers},
  author={Noergaard, T.},
  isbn={0750677929},
  series={Embedded technology series},
  year={2005},
  publisher={Elsevier Science},
  entrysubtype={ref},
  keywords={SisEmb}
}

@book{rowen2004engineering,
  title={Engineering the Complex SOC: Fast, Flexible Design with Configurable Processors},
  author={Rowen, C.},
  isbn={9780131455375},
  series={Prentice Hall modern semiconductor design series},
  year={2004},
  publisher={Prentice Hall},
  entrysubtype={ref},
  keywords={SisEmb}
}

@book{wayne2004fpga,
  title={FPGA-Based System Design},
  author={Wayne, W.},
  isbn={9788131724651},
  year={2004},
  publisher={Pearson Education},
  entrysubtype={ref},
  keywords={SisEmb}
}

@book{arnold2002embedded,
  title={Embedded Systems Design: An Introduction to Processes, Tools, and Techniques},
  author={Arnold S. Berger},
  isbn={9781578200733},
  series={CMP Books},
  year={2002},
  publisher={Taylor \& Francis},
  entrysubtype={ref},
  keywords={SisEmb}
}

@book{navabi1998vhdl,
  title={VHDL: Analysis and Modeling of Digital Systems},
  author={Navabi, Z.},
  isbn={9780070464797},
  series={Electrical \& electronic technology series},
  year={1998},
  publisher={McGraw-Hill},
  entrysubtype={ref},
  keywords={SisEmb}
}

@book{2007specification,
  title={Specification and Design of Embedded Systems},
  isbn={9788131716120},
  author={Gajski, D. and Vahid, F. and	Sanjiv, N. and Gong, J.},
  year={1994},
  publisher={Pearson Education},
  entrysubtype={ref},
  keywords={SisEmb}
}

@book{comer2007redes,
  title={Redes de Computadores E Internet 4 Ed.},
  author={Comer, D.E.},
  isbn={9788560031368},
  edition={7},
  year={2007},
  publisher={Editora Bookman},
  keywords={Telep}
}

@book{tanenbaum2003redes,
  title={Redes de computadores},
  author={Tanenbaum, A.S. and Wetherall, D. J.},
  edition={5},
  year={2011},
  publisher={Editora Pearson},
  keywords={Telep}
}

@book{kurose2010redes,
  title={Redes de computadores e a internet: uma abordagem top-down},
  author={Kurose, J.F. and Ross, K.W.},
  isbn={8588639971},
  edition={6},
  year={2013},
  publisher={Pearson},
  entrysubtype={ref},
  keywords={Telep}
}

@book{maiaarquitetura,
  title={Arquitetura de Redes de Computadores},
  author={Maia, L.P.},
  isbn={9788521616825},
  edition={2},
  publisher={LTC},
  year={2013},
  entrysubtype={ref},
  keywords={Telep}
}

@book{starlingtcp,
  title={TCP/IP: Redes e Computadores e Comunica{\c{c}}{\~a}o de Dados},
  author={Starlin, G.},
  isbn={8576080567},
  publisher={Editora Alta Books},
  year={2004},
  entrysubtype={ref},
  keywords={Telep}
}

@book{comer2006interligação,
  title={Interliga{\c{c}}{\~a}o de redes com TCP/IP},
  author={Comer, D.E.},
  number={v. 1},
  isbn={9788535220179},
  year={2006},
  publisher={Elsevier},
  entrysubtype={ref},
  keywords={Telep}
}

@book{conallen2003desenvolvendo,
  title={Desenvolvendo aplica{\c{c}}{\~o}es Web com UML},
  author={Conallen, J.},
  isbn={9788535212099},
  year={2003},
  publisher={Editora Campus},
  entrysubtype={ref},
  keywords={Telep}
}

@book{gonzalezprocessamento,
  title={Processamento Digital De Imagens},
  author={Gonzalez, R.C. and Woods, R.E.},
  isbn={9788576054016},
  year={2010},
  edition={3},
  publisher={Pearson},
  keywords={ProcImag}
}

@book{pedrini2008análise,
  title={An{\'a}lise de imagens digitais: princ{\'i}pios, algoritmos e aplica{\c{c}}{\~o}es},
  author={Pedrini, H. and Schwartz, W.R.},
  isbn={9788522105953},
  year={2007},
  publisher={Cengage Learning},
  keywords={ProcImag}
}

@book{navauxarquiteturas,
  title={Arquiteturas Paralelas},
  author={Navaux, Philippe O.A. and Rose, C{\'e}sar .A.F.},
  isbn={8524106832},
  year={2003},
  publisher={Sagra-Luzzato},
  keywords={CompParal, Eletiva4_CompAltoDesemp}
}

@book{hennessy2012,
  title={Arquitetura de computadores: uma abordagem quantitativa},
  author={Hennessy, J.L. and Patterson, D.A.},
  isbn={978-85-352-6122-6},
  year={2013},
  publisher={Campus},
  keywords={CompParal, Eletiva4_CompAltoDesemp}
}

@book{dantas2005computação,
  title={Computa{\c{c}}{\~a}o distribu{\'i}da de alto desempenho: redes, clusters e grids computacionais},
  author={Dantas, Mário},
  isbn={9788573232400},
  year={2005},
  publisher={Axcel Books},
  keywords={CompParal, Eletiva4_CompAltoDesemp}
}

@book{foster1995designing2,
title={Designing and Building Parallel Programs: Concepts and Tools for Parallel Software Engineering},
  author={Foster, I.},
  isbn={9780201575941},
  series={Literature and Philosophy},
  url={http://www.mcs.anl.gov/~itf/dbpp/text/book.html},
  year={1995},
  publisher={MIT Press},
  entrysubtype={ref},
  keywords={CompParal, Eletiva4_CompAltoDesemp}
}

@book{barry2006parallel,
  title={Parallel Programming: Techniques And Applications Using Networked Workstations And Parallel Computers, 2/E},
  author={Barry, W. and Allen, M.},
  isbn={9788131702390},
  year={2005},
  publisher={Pearson Prentice Hall},
  entrysubtype={ref},
  keywords={CompParal}
}

@book{dongarra2003sourcebook,
  title={Sourcebook of Parallel Computing},
  author={Dongarra, J.J. and Foster, I. and Fox, G. and Kennedy, K. and Torczon, L.},
  isbn={9781558608719},
  series={The Morgan Kaufmann Series in Computer Architecture and Design Series},
  year={2002},
  publisher={Morgan Kaufmann},
  entrysubtype={ref},
  keywords={CompParal, Eletiva4_CompAltoDesemp}
}

@book{grama2003introduction,
  title={Introduction to Parallel Computing},
  author={Grama, A. and Gupta,A. and Karypis,G. and Kumar,V.},
  isbn={9780201648652},
  series={Pearson Education},
  year={2003},
  publisher={Addison-Wesley},
  entrysubtype={ref},
  keywords={CompParal, Eletiva4_CompAltoDesemp}
}

@book{andrews2000foundations,
  title={Foundations of Multithreaded, Parallel, and Distributed Programming},
  author={Andrews, G.R.},
  isbn={9780201357523},
  year={2000},
  publisher={Addison-Wesley},
  entrysubtype={ref},
  keywords={CompParal}
}

@article{Flynn:1996:PA:234313.234345,
 author = {Flynn, Michael J. and Rudd, Kevin W.},
 title = {Parallel Architectures},
 journal = {ACM Comput. Surv.},
 volume = {28},
 number = {1},
 month = mar,
 year = {1996},
 issn = {0360-0300},
 pages = {67--70},
 url = {http://doi.acm.org/10.1145/234313.234345},
 doi = {10.1145/234313.234345},
 entrysubtype={ref},
 keywords={CompParal, Eletiva4_CompAltoDesemp}
} 

@book{pacheco1997parallel,
  title={Parallel Programming with MPI},
  author={Pacheco, P.S.},
  isbn={9781558603394},
  year={1997},
  publisher={Morgan Kaufmann Publishers},
  entrysubtype={ref},
  keywords={CompParal}
}

@book{jaja1997introduction,
  title={An Introduction to Parallel Algorithms},
  author={J{\'a}J{\'a}, J.},
  isbn={978-0201548563},
  year={1992},
  publisher={Addison Wesley},
  entrysubtype={ref},
  keywords={CompParal, Eletiva4_CompAltoDesemp}
}

@book{de2007engenharia,
  title={Engenharia de automa{\c{c}}{\~a}o industrial},
  author={de Moraes, C.C. and de Lauro Castrucci, P.},
  isbn={9788521615323},
  year={2007},
  edition={2},
  publisher={LTC, Livros T{\'e}cnicos e Cient{\'i}ficos},
  keywords={ContProc}
}

@book{alves2005instrumentação,
  title={Instrumenta{\c{c}}{\~a}o, controle e automa{\c{c}}{\~a}o de processos},
  author={Alves, J.L.L.},
  isbn={9788521614425},
  year={2010},
  publisher={LTC, Livros T{\'e}cnicos e Cient{\'i}ficos},
  keywords={ContProc}
}

@book{prudenteautomaçao,
  title={Automa{\c{c}}{\~a}o Industrial: PLC Teoria e Aplica{\c{C}}{\~o}es - Curso B{\'a}sico},
  author={Prudente, F.},
  isbn={9788521615750},
  year={2011},
  publisher={LTC, Livros T{\'e}cnicos e Cient{\'i}ficos},
  keywords={ContProc}
}

@book{lages,
  title={Sistemas de Tempo Real},
  author={Lages, W.F.},
  isbn={9788538602347},
  year={2014},
  publisher={Editora UFRGS},
  keywords={ContProc}
}

@book{cardoso1997redes,
  title={Redes de Petri},
  author={Cardoso, J. and Valette, R.},
  isbn={9788532800954},
  series={S{\'e}rie Did{\'a}tica},
  year={1997},
  publisher={Editora da UFSC},
  keywords={ContProc}
}

@book{uyemura2002sistemas,
  title={Sistemas digitais,Uma Abordagem Integrada},
  author={Uyemura, J.P.},
  isbn={9788522102686},
  year={2002},
  publisher={Thomson Pioneira},
  keywords={FundComp}
}

@book{arquitetura,
  title={Arquitetura de computadores: de microprocessadores a supercomputadores},
  author={Parhami, Behrooz},
  isbn={9788577260256},
  year={2008},
  publisher={Prentice Hall},
  keywords={FundComp}
}

@book{stallings2010fundamentos,
  title={Arquitetura e organiza{\c{c}}{\~a}o de computadores},
  author={Stallings, W.},
  isbn={9788576055648},
  year={2010},
  publisher={Prentice Hall},
  keywords={FundComp}
}

@book{tanenbaum2007,
  title={Organiza{\c{c}}{\~a}o estruturada de computadores},
  author={Tanenbaum, A.S.},
  isbn={9788576050674},
  year={2007},
  publisher={Prentice Hall},
  keywords={FundComp}
}

@book{patterson2013,
  title={Organização e Projeto de Computadores: A Interface Hardware/software},
  author={Patterson, David A. and Hennessy, John L.},
  isbn={978-85-352-3585-2},
  year={2013},
  publisher={Campus},
  keywords={FundComp}
}

@book{burian2007calculo,
  title={C{\'a}lculo Num{\'e}rico},
  author={Burian, R. and de Lima, A.C.},
  isbn={9788521615620},
  series={Fundamentos de inform{\'a}tica},
  year={2007},
  publisher={Livros T{\'e}cnicos e Cient{\'i}ficos},
  keywords={EngComp}
}

@book{ruggiero1996cálculo,
  title={C{\'a}lculo num{\'e}rico: aspectos te{\'o}ricos e computacionais},
  author={Ruggiero, M.A.G. and da Rocha Lopes, V.L.},
  isbn={9788534602044},
  year={1996},
  publisher={Makron Books do Brasil},
  keywords={EngComp}
}

@book{sperandio2003cálculo,
  title={C{\'a}lculo num{\'e}rico: caracter{\'i}sticas matem{\'a}ticas e computacionais dos m{\'e}todos num{\'e}ricos},
  author={Sperandio, D. and Mendes, J.T. and Silva, L.H.M.},
  isbn={9788587918741},
  year={2003},
  publisher={Prentice Hall},
  keywords={EngComp}
}

@book{bishop2007,
  title={Pattern Recognition and Machine Learning},
  author={Bishop, C.M.},
  isbn={9780387310732},
  year={2007},
  publisher={Springer},
  keywords={Eletiva1_ReconhecDePad}
}

@book{barber2012,
  title={Bayesian Reasoning and Machine Learning},
  author={Barber, D.},
  isbn={9780521518147},
  year={2012},
  publisher={Cambridge University Press},
  keywords={Eletiva1_ReconhecDePad}
}

@book{duda2002,
  title={Pattern Classification},
  author={Duda, R.O. and Hart, P.E. and Stork, D.},
  isbn={9780471056690},
  year={2001},
  edition={2nd},
  publisher={Willey},
  keywords={Eletiva1_ReconhecDePad}
}

@book{android,
  title={Android em A{\c{c}}{\~a}o, 3{\textordfeminine} Ed},
  author={Ableson, W.F. and Sen, R. and King, C. and Ortiz, C.E.},
  isbn={9788535248418},
  year={2012},
  publisher={Elsevier Brasil},
  keywords={Eletiva5_ProgDispMoveis}
}

@book{lecheta2015google,
  title={Google Android 4{\textordfeminine} edi{\c{c}}{\~a}o: },
  author={Lecheta, R.R.},
  isbn={9788575224403},
  year={2015},
  publisher={Novatec Editora},
  keywords={Eletiva5_ProgDispMoveis}
}

@book{yaghmour2013embedded,
  title={Embedded Android: Porting, Extending, and Customizing},
  author={Yaghmour, K.},
  isbn={9781449308292},
  series={Oreilly and Associate Series},
  year={2013},
  publisher={OReilly Media, Incorporated},
  keywords={Eletiva5_ProgDispMoveis}
}

@book{duffy2012programming,
  title={Programming with Mobile Applications: AndroidTM, iOS, and Windows Phone 7},
  author={Duffy, T.},
  isbn={9781133628132},
  year={2012},
  entrysubtype={ref},
  publisher={Cengage Learning},
  keywords={Eletiva5_ProgDispMoveis}
}

@book{gamma1994design,
  title={Design Patterns: Elements of Reusable Object-Oriented Software},
  author={Gamma, E. and Helm, R. and Johnson, R. and Vlissides, J.},
  isbn={9780321700698},
  year={1994},
  publisher={Pearson Education},
  keywords={Eletiva6_PadroesdeProj}
}

@book{freeman2004head,
  title={Head First Design Patterns},
  author={Freeman, E. and Freeman, E. and Sierra, K. and Bates, B.},
  isbn={9780596007126},
  series={Head first series},
  year={2004},
  publisher={O'Reilly Media},
  keywords={Eletiva6_PadroesdeProj}
}

@book{shalloway2004design,
  title={Design Patterns Explained: A New Perspective on Object-Oriented Design},
  author={Shalloway, A. and Trott, J.R.},
  edition={2a. Edi{\c{c}}{\~a}o},
  isbn={9780321630049},
  series={Software Patterns Series},
  year={2004},
  publisher={Pearson Education},
  keywords={Eletiva6_PadroesdeProj}
}

@book{kerievsky2004refactoring,
  title={Refactoring to Patterns},
  author={Kerievsky, J.},
  isbn={9780321630018},
  series={Addison-Wesley Signature Series (Fowler)},
  year={2004},
  publisher={Pearson Education},
  keywords={Eletiva6_PadroesdeProj}
}

@book{fowler2012refactoring,
  title={Refactoring: Improving the Design of Existing Code},
  author={Fowler, M. and Beck, K. and Brant, J. and Opdyke, W. and Roberts, D.},
  isbn={9780133065268},
  series={Addison-Wesley Object Technology Series},
  year={2012},
  publisher={Pearson Education},
  keywords={Eletiva6_PadroesdeProj}
}

@book{2009object,
  title={Object-Oriented Analysis and Design with Applications},
  author={Booch, G. and Maksimchuk, R. and Engle, M. and Conallen, J. and Houston, K. and D, B.Y.P. and Fuller, J.},
  isbn={9780132797443},
  series={Addison-Wesley Object Technology Series},
  url={https://books.google.com.br/books?id=8Rg5wxGj818C},
  year={2007},
  publisher={Pearson Education}
} 

@book{dorf2003introdução,
  title={Introdu{\c{c}}{\~a}o aos circuitos el{\'e}tricos, 8a. Ed.},
  author={Dorf, R.C.},
  isbn={9788521621164},
  year={2012},
  publisher={Livros T{\'e}cnicos e Cient{\'i}ficos},
  keywords={circuitosV}
}

@book{circuitosI,
  title={Circuitos Lineares},
  author={Charles M. Close},
  isbn={852160498-X},
  year={1975},
  publisher={LTC},
  keywords={circuitosII}
} 

@book{circuitosEletricosI,
  title={Circuitos Elétricos},
  author={Joseph A. Edminister},
  isbn={0074606395},
  year={1991},
  publisher={McGraw-Hill do Brasil},
  keywords={circuitosII}
} 
