@legislation{cne2016,
  title        = {Resolução CNE/CES n\textsuperscript{o}  5, de 16 de novembro de 2016},
  jurisdiction = {Brasil},
  author       = {Câmara de Educação Superior do Conselho Nacional de Educação},
  institution  = {Conselho Nacional de Educação (CNE)},
  location     = {Brasília},
  url          = {https://www.in.gov.br/web/dou/-/resolucao-n-5-de-16-de-novembro-de-2016-22073052},
  urldate      = {2025-05-04},
  date         = {2016-11-16},
  note         = {Estabelece as Diretrizes Curriculares Nacionais do Curso de Graduação em Engenharia}
}

@legislation{cne2018,
  title       = {Resolução n\textsuperscript{o}  7, de 18 de dezembro de 2018},
  author      = {{Câmara de Educação Superior do Conselho Nacional de Educação}},
  date        = {2018-12-18},
  number      = {7},
  institution = {Conselho Nacional de Educação (CNE)},
  location    = {Brasília},
  url         = {https://www.in.gov.br/web/dou/-/resolucao-n-7-de-18-de-dezembro-de-2018-55877677},
  urldate     = {2025-05-04},
  note        = {Estabelece diretrizes para a extensão na educação superior brasileira.},
  langid      = {portuguese}
}

@book{sbc2017,
  author    = {Zorzo, A. F. and Nunes, D. and Matos, E. and Steinmacher, I. and Leite, J. and Araujo, R. M. and Correia, R. and Martins, S.},
  title     = {Referenciais de Formação para os Cursos de Graduação em Computação},
  year      = {2017},
  publisher = {Sociedade Brasileira de Computação},
  pages     = {153},
  url       = {https://books-sol.sbc.org.br/index.php/sbc/catalog/view/134/586/904},
  urldate   = {2025-05-04}
}

@legislation{uerj1995,
  title       = {Deliberação n\textsuperscript{o} 33/95 -- Normas Gerais de Ensino de Graduação},
  author      = {{Universidade do Estado do Rio de Janeiro (UERJ)}},
  date        = {1995},
  institution = {Conselho Superior de Ensino, Pesquisa e Extensão (CSEPE)},
  location    = {Rio de Janeiro},
  url         = {http://www.boluerj.uerj.br/pdf/de_00331995_28121995.pdf},
  urldate     = {2025-05-04},
  note        = {Estabelece as normas gerais para os cursos de graduação da UERJ.},
  langid      = {portuguese}
}

@legislation{uerj1994,
  title       = {Deliberação n\textsuperscript{o} 035/94},
  author      = {{Universidade do Estado do Rio de Janeiro (UERJ)}},
  date        = {1994},
  institution = {Conselho Superior de Ensino, Pesquisa e Extensão (CSEPE)},
  location    = {Rio de Janeiro},
  url         = {http://www.boluerj.uerj.br/pdf/de_00351994_20111994.pdf},
  urldate     = {2025-05-04},
  note        = {Estabelece os cursos de graduação em engenharia da UERJ.},
  langid      = {portuguese}
}

@legislation{uerj1976,
  title       = {Deliberação n\textsuperscript{o} 466/76},
  author      = {{Universidade do Estado do Rio de Janeiro (UERJ)}},
  date        = {1976},
  institution = {Conselho Superior de Ensino, Pesquisa e Extensão (CSEPE)},
  location    = {Rio de Janeiro},
  url         = {http://www.boluerj.uerj.br/pdf/re_04661976_29121976.pdf},
  urldate     = {2025-05-04},
  note        = {Regula o Currículo pleno do Curso de Engenharia.},
  langid      = {portuguese}
}


@legislation{uerj2019,
  title       = {Deliberação n\textsuperscript{o} 59, de 12 de dezembro de 2019},
  author      = {{Universidade do Estado do Rio de Janeiro (UERJ)}},
  date        = {2019-12-12},
  number      = {59},
  institution = {Conselho Superior de Ensino, Pesquisa e Extensão (CSEPE)},
  location    = {Rio de Janeiro},
  url         = {http://www.boluerj.uerj.br/pdf/de_00592019_12122019.pdf},
  urldate     = {2025-05-04},
  note        = {Altera a Deliberação 33/1995, que trata das normas gerais de Ensino de Graduação da UERJ.},
  langid      = {portuguese}
}

@legislation{uerj2023,
  title       = {Deliberação n\textsuperscript{o} 04, de 2023},
  author      = {{Universidade do Estado do Rio de Janeiro (UERJ)}},
  number      = {4},
  institution = {Conselho Superior de Ensino, Pesquisa e Extensão (CSEPE)},
  location    = {Rio de Janeiro},
  url         = {https://www.depext.uerj.br/wp-content/uploads/2023/07/DELIBERACAO-No-04-2023-Deliberacao-Insercao-Curricular-da-Extensao.pdf
                 },
  urldate     = {2025-05-04},
  note        = {Dispõe sobre a inserção curricular da extensão nos cursos de graduação da UERJ.},
  langid      = {portuguese}
}

@legislation{confea1993,
  title       = {Resolução n\textsuperscript{o} 380, de 17 de dezembro de 1993},
  author      = {{Conselho Federal de Engenharia e Agronomia (CONFEA)}},
  date        = {1993-12-17},
  number      = {380},
  institution = {CONFEA},
  location    = {Brasília},
  url         = {https://normativos.confea.org.br/Ementas/Visualizar?id=428},
  urldate     = {2025-05-05},
  note        = {Discrimina as atribuições dos Engenheiros de Computação.},
  langid      = {portuguese}
}

@legislation{ufrn2024,
  title       = {Projeto Pedagógico do Curso de Engenharia de Computação},
  author      = {{Universidade Federal do Rio Grande do Norte (UFRN)}},
  year        = {2024},
  address     = {Natal, RN},
  institution = {Centro de Tecnologia (CT) / Departamento de Engenharia de Computação e Automação (DCA)},
  url         = {https://sigaa.ufrn.br/sigaa/verProducao?idProducao=14545298&&key=7aa262c47cb09095968f09c56ebb21a8},
  urldate     = {2025-05-05},
  note        = {Documento institucional do curso de Engenharia de Computação da UFRN.}
}