% Algoritmos Computacionais
@book{ribeiro2019,
  author    = {Ribeiro, João Araujo},
  isbn      = {9788521636267},
  publisher = {LTC},
  title     = {Introdução à Programação e aos Algoritmos},
  year      = {2019},
  keywords  = {AlgComp}
}
@book{downey2024pense,
  title     = {Pense em Python -- Pense como um cientista da computa{\c{c}}{\~a}o},
  author    = {Downey, A.B.},
  isbn      = {9788575229279},
  edition   = {3},
  year      = {2024},
  publisher = {Novatec Editora},
  keywords  = {AlgComp}
}
@book{cormen2012algoritmos,
  title        = {Algoritmos - Teoria e Pr{\'a}tica},
  author       = {Cormen, T.H.},
  isbn         = {978-8595159907},
  year         = {2024},
  publisher    = {GEN LTC},
  entrysubtype = {ref},
  keywords     = {AlgComp, EstrInf}
}

% Análise e Projetos de Sistemas
@book{daft2014organizações,
  title     = {Organiza{\c{c}}{\~o}es: teoria e projetos},
  author    = {Daft, R.L.},
  isbn      = {9788522116898},
  year      = {2014},
  publisher = {Cengage Learning},
  keywords  = {AnaProjSist}
}
@book{prado2014planejamento,
  title     = {Planejamento e controle de projetos},
  author    = {Prado, D. and Ladeira, F.},
  isbn      = {9788598254944},
  series    = {Gerenciamento de projetos},
  year      = {2014},
  publisher = {Falconi Editora},
  keywords  = {AnaProjSist}
}
@book{engsoftmoderna,
  title     = {Engenharia de Software Moderna: Princípios e Práticas para Desenvolvimento de Software com Produtividade},
  author    = {Marco Tulio Valente},
  year      = 2020,
  isbn      = {978-65-00-01950-6},
  publisher = {Editora: Independente},
  keywords  = {AnaProjSist}
}

% Análise de Algoritmos
@book{cormen2012algoritmos,
  title     = {Algoritmos - Teoria e Pr{\'a}tica},
  author    = {Cormen, T.H.},
  isbn      = {9788535236996},
  year      = {2012},
  publisher = {GEN LTC},
  keywords  = {AnaAlg}
}

@book{sedgewick2014algorithms,
  title     = {Algorithms: Part I},
  author    = {Sedgewick, R. and Wayne, K.},
  number    = {pt. 1},
  isbn      = {9780133799101},
  year      = {2014},
  publisher = {Pearson Education},
  keywords  = {AnaAlg}
}

@book{netto2021grafos,
  title     = {Grafos: Introdu{\c{c}}{\~a}o e pr{\'a}tica},
  author    = {Netto, P.O.B. and Jurkiewicz, S.},
  isbn      = {9788521215172},
  year      = {2021},
  publisher = {Editora Blucher},
  keywords  = {AnaAlg}
}

@book{kleinberg2006algorithm,
  title     = {Algorithm Design},
  author    = {Kleinberg, J. and Tardos, {\'E}.},
  isbn      = {9780321295354},
  lccn      = {2005000401},
  series    = {Alternative Etext Formats},
  year      = {2006},
  publisher = {Pearson/Addison-Wesley},
  keywords  = {AnaAlg}
}

% Arquitetura de Computadores
@book{hwang1993advanced,
  title     = {Advanced Computer Architecture: Parallelism, Scalability, Programmability},
  author    = {Hwang, K.},
  isbn      = {9780070316225},
  lccn      = {lc92044944},
  series    = {. Computer organization and architecture: Networks, parallel and distributed computing},
  year      = {1993},
  publisher = {McGraw-Hill},
  keywords  = {ArqComp}
}
@book{tanenbaum2013organização,
  title     = {Organiza{\c{c}}{\~a}o Estruturada de Computadores},
  author    = {Tanenbaum, A.S.},
  isbn      = {9788581435398},
  year      = {2013},
  publisher = {Pearson Universidades},
  keywords  = {ArqComp}
}
@book{hennessy2017organização,
  title     = {Organiza{\c{c}}{\~a}o e Projeto de Computadores},
  author    = {Hennessy, J.},
  isbn      = {9788535287936},
  year      = {2017},
  publisher = {GEN LTC},
  keywords  = {ArqComp}
}
@book{stallings2024arquitetura,
  title     = {Arquitetura e Organiza{\c{c}}{\~a}o de Computadores},
  author    = {Stallings, W. and Pannain, R. and Vieira, D.},
  isbn      = {9788582606377},
  year      = {2024},
  publisher = {Bookman Editora},
  keywords  = {ArqComp}
}
@book{hennessy2019arquitetura,
  title     = {Arquitetura de Computadores - Uma Abordagem Quantitativa},
  author    = {Hennessy, J.},
  isbn      = {9788535291742},
  year      = {2019},
  publisher = {GEN LTC},
  keywords  = {ArqComp}
}
@book{parhami2008arquitetura,
  title     = {Arquitetura de computadores: de microprocessadores a supercomputadores},
  author    = {Parhami, B.},
  isbn      = {9788577260256},
  year      = {2008},
  publisher = {McGraw Hill},
  keywords  = {ArqComp}
}

% Computação Paralela e Distribuída
@book{navauxarquiteturas,
  title     = {Arquiteturas Paralelas},
  author    = {Navaux, Philippe O.A. and Rose, C{\'e}sar .A.F.},
  isbn      = {8524106832},
  year      = {2003},
  publisher = {Sagra-Luzzato},
  keywords  = {CompParal, E_Arquit}
}
@book{hennessy2012,
  title     = {Arquitetura de computadores: uma abordagem quantitativa},
  author    = {Hennessy, J.L. and Patterson, D.A.},
  isbn      = {978-85-352-6122-6},
  year      = {2013},
  publisher = {Campus},
  keywords  = {CompParal, E_Arquit}
}
@book{dantas2005computação,
  title     = {Computa{\c{c}}{\~a}o distribu{\'i}da de alto desempenho: redes, clusters e grids computacionais},
  author    = {Dantas, Mário},
  isbn      = {9788573232400},
  year      = {2005},
  publisher = {Axcel Books},
  keywords  = {CompParal, E_Arquit}
}
@book{foster1995designing2,
  title        = {Designing and Building Parallel Programs: Concepts and Tools for Parallel Software Engineering},
  author       = {Foster, I.},
  isbn         = {9780201575941},
  series       = {Literature and Philosophy},
  url          = {http://www.mcs.anl.gov/~itf/dbpp/text/book.html},
  year         = {1995},
  publisher    = {MIT Press},
  entrysubtype = {ref},
  keywords     = {CompParal, E_Arquit}
}
@book{barry2006parallel,
  title        = {Parallel Programming: Techniques And Applications Using Networked Workstations And Parallel Computers, 2/E},
  author       = {Barry, W. and Allen, M.},
  isbn         = {9788131702390},
  year         = {2005},
  publisher    = {Pearson Prentice Hall},
  entrysubtype = {ref},
  keywords     = {CompParal}
}
@book{dongarra2003sourcebook,
  title        = {Sourcebook of Parallel Computing},
  author       = {Dongarra, J.J. and Foster, I. and Fox, G. and Kennedy, K. and Torczon, L.},
  isbn         = {9781558608719},
  series       = {The Morgan Kaufmann Series in Computer Architecture and Design Series},
  year         = {2002},
  publisher    = {Morgan Kaufmann},
  entrysubtype = {ref},
  keywords     = {CompParal, E_Arquit}
}
@book{grama2003introduction,
  title        = {Introduction to Parallel Computing},
  author       = {Grama, A. and Gupta,A. and Karypis,G. and Kumar,V.},
  isbn         = {9780201648652},
  series       = {Pearson Education},
  year         = {2003},
  publisher    = {Addison-Wesley},
  entrysubtype = {ref},
  keywords     = {CompParal, E_Arquit}
}
@book{andrews2000foundations,
  title        = {Foundations of Multithreaded, Parallel, and Distributed Programming},
  author       = {Andrews, G.R.},
  isbn         = {9780201357523},
  year         = {2000},
  publisher    = {Addison-Wesley},
  entrysubtype = {ref},
  keywords     = {CompParal}
}
@article{Flynn:1996:PA:234313.234345,
  author       = {Flynn, Michael J. and Rudd, Kevin W.},
  title        = {Parallel Architectures},
  journal      = {ACM Comput. Surv.},
  volume       = {28},
  number       = {1},
  month        = mar,
  year         = {1996},
  issn         = {0360-0300},
  pages        = {67--70},
  url          = {http://doi.acm.org/10.1145/234313.234345},
  doi          = {10.1145/234313.234345},
  entrysubtype = {ref},
  keywords     = {CompParal, E_Arquit}
} 
@book{pacheco1997parallel,
  title        = {Parallel Programming with MPI},
  author       = {Pacheco, P.S.},
  isbn         = {9781558603394},
  year         = {1997},
  publisher    = {Morgan Kaufmann Publishers},
  entrysubtype = {ref},
  keywords     = {CompParal}
}
@book{jaja1997introduction,
  title        = {An Introduction to Parallel Algorithms},
  author       = {J{\'a}J{\'a}, J.},
  isbn         = {978-0201548563},
  year         = {1992},
  publisher    = {Addison Wesley},
  entrysubtype = {ref},
  keywords     = {CompParal, E_Arquit}
}

% Controle de Processos
@book{de2007engenharia,
  title     = {Engenharia de automa{\c{c}}{\~a}o industrial},
  author    = {de Moraes, C.C. and de Lauro Castrucci, P.},
  isbn      = {9788521615323},
  year      = {2007},
  edition   = {2},
  publisher = {LTC, Livros T{\'e}cnicos e Cient{\'i}ficos},
  keywords  = {ContProc}
}
@book{alves2005instrumentação,
  title     = {Instrumenta{\c{c}}{\~a}o, controle e automa{\c{c}}{\~a}o de processos},
  author    = {Alves, J.L.L.},
  isbn      = {9788521614425},
  year      = {2010},
  publisher = {LTC, Livros T{\'e}cnicos e Cient{\'i}ficos},
  keywords  = {ContProc}
}
@book{prudenteautomaçao,
  title     = {Automa{\c{c}}{\~a}o Industrial: PLC Teoria e Aplica{\c{C}}{\~o}es - Curso B{\'a}sico},
  author    = {Prudente, F.},
  isbn      = {9788521615750},
  year      = {2011},
  publisher = {LTC, Livros T{\'e}cnicos e Cient{\'i}ficos},
  keywords  = {ContProc}
}
@book{lages,
  title     = {Sistemas de Tempo Real},
  author    = {Lages, W.F.},
  isbn      = {9788538602347},
  year      = {2014},
  publisher = {Editora UFRGS},
  keywords  = {ContProc}
}
@book{cardoso1997redes,
  title     = {Redes de Petri},
  author    = {Cardoso, J. and Valette, R.},
  isbn      = {9788532800954},
  series    = {S{\'e}rie Did{\'a}tica},
  year      = {1997},
  publisher = {Editora da UFSC},
  keywords  = {ContProc}
}

% Engenharia de Computação e Sociedade
@book{schwartzman1979formaccao,
  title     = {Forma{\c{c}}{\~a}o da comunidade cient{\'i}fica no Brasil},
  author    = {Schwartzman, Simon},
  volume    = {2},
  year      = {1979},
  address   = {Rio de Janeiro},
  publisher = {Companhia Editora Nacional},
  keywords  = {EngCompSoc}
}
@book{vargas1996historia,
  title     = {Hist{\'o}ria da t{\'e}cnica e da tecnologia no Brasil},
  author    = {Vargas, M.},
  isbn      = {9788571390720},
  series    = {Cole{\c{c}}{\~a}o Biblioteca b{\'a}sica},
  year      = {1996},
  publisher = {Editora UNESP, Funda{\c{c}}{\~a}o para o Desenvolvimento da UNESP},
  address   = {S{\~a}o Paulo},
  keywords  = {EngCompSoc}
}
@book{kneller1980ciencia,
  title     = {A ci{\^e}ncia como atividade humana},
  author    = {Kneller, G.F.},
  year      = {1978},
  publisher = {Zahar},
  address   = {Rio de Janeiro},
  keywords  = {EngCompSoc}
}
@book{holtzapple2006introducao,
  title     = {Introdu{\c{c}}{\~a}o {\`a} engenharia},
  author    = {Holtzapple, M.T. and Reece, H.},
  isbn      = {9788521615118},
  year      = {2006},
  publisher = {LTC},
  address   = {Rio de Janeiro},
  keywords  = {EngCompSoc}
}
@book{tomlinson2012greening,
  title     = {Greening through IT: Information Technology for Environmental Sustainability},
  author    = {Tomlinson, B.},
  isbn      = {9780262288354},
  series    = {The MIT Press},
  year      = {2012},
  publisher = {MIT Press},
  keywords  = {EngCompSoc}
}

% Engenharia de Sistemas
@book{valente2020engenharia,
  title    = {Engenharia de software},
  author   = {Sommerville, Ian},
  journal  = {Addison Wesley Brasil},
  year     = {2010},
  isbn     = {9788588639287},
  keywords = {EngSistA}
}
@book{padua2003software,
  title    = {Engenharia de software: fundamentos, m{\'e}todos e padr{\~o}es},
  author   = {P{\'a}dua, Wilson de},
  journal  = {Rio de janeiro: LTC},
  year     = {2009},
  isbn     = {9788521616504},
  keywords = {EngSistA}
}
@book{pressman2021engenharia,
  title     = {Engenharia de software: uma abordagem profissional - 9.ed.},
  author    = {Pressman, R.S. and Maxim, B.R.},
  isbn      = {9786558040118},
  year      = {2021},
  publisher = {McGraw Hill Brasil},
  keywords  = {EngSistA}
}

% Estruturas de Informação
@book{pat2020odspython,
  author   = {Morin, Pat},
  title    = {Estruturas de Dados Abertas (em Pseudocódigo)},
  url      = {http://www.araujo.eng.uerj.br/opendata/ods-ptbr-python.pdf},
  year     = {2020},
  keywords = {EstrInf}
}
@book{szwarcfiter1994estruturas,
  title     = {Estruturas de dados e seus algoritmos},
  author    = {Szwarcfiter, J.L. and Markenzon, L.},
  isbn      = {978-8521617501},
  year      = {2010},
  publisher = {LTC},
  keywords  = {EstrInf}
}

% Fundamentos de Computadores
@book{uyemura2002sistemas,
  title     = {Sistemas digitais,Uma Abordagem Integrada},
  author    = {Uyemura, J.P.},
  isbn      = {9788522102686},
  year      = {2002},
  publisher = {Thomson Pioneira},
  keywords  = {FundComp}
}
@book{arquitetura,
  title     = {Arquitetura de computadores: de microprocessadores a supercomputadores},
  author    = {Parhami, Behrooz},
  isbn      = {9788577260256},
  year      = {2008},
  publisher = {Prentice Hall},
  keywords  = {FundComp}
}
@book{stallings2010fundamentos,
  title     = {Arquitetura e organiza{\c{c}}{\~a}o de computadores},
  author    = {Stallings, W.},
  isbn      = {9788576055648},
  year      = {2010},
  publisher = {Prentice Hall},
  keywords  = {FundComp}
}
@book{tanenbaum2007,
  title     = {Organiza{\c{c}}{\~a}o estruturada de computadores},
  author    = {Tanenbaum, A.S.},
  isbn      = {9788576050674},
  year      = {2007},
  publisher = {Prentice Hall},
  keywords  = {FundComp}
}
@book{patterson2013,
  title     = {Organização e Projeto de Computadores: A Interface Hardware/software},
  author    = {Patterson, David A. and Hennessy, John L.},
  isbn      = {978-85-352-3585-2},
  year      = {2013},
  publisher = {Campus},
  keywords  = {FundComp}
}

% Instalações de Ambientes Computacionais
@book{de2023arquitetura,
  title     = {Arquitetura de data center},
  author    = {de Ara{\'u}jo Neto, A.P.},
  isbn      = {9788539634606},
  series    = {S{\'e}rie Universit{\'a}ria},
  year      = {2023},
  publisher = {Editora Senac S{\~a}o Paulo},
  keywords  = {Instalacoes}
}
@book{gauer2018cabeamento,
  title    = {Cabeamento Estruturado: Da Teoria {\`A} Pr{\'a}tica},
  author   = {Gauer, A.F.F.E.R.R.},
  isbn     = {9788592265182},
  year     = {2018},
  keywords = {Instalacoes}
}
@book{wanderley2019gerenciamento,
  title     = {Gerenciamento de servidores},
  author    = {Wanderley, A.R.M.C. and de Almeida Pontual, R.},
  isbn      = {9788536532080},
  series    = {S{\'e}rie Eixos: Informa{\c{c}}{\~a}o e comunica{\c{c}}{\~a}o},
  year      = {2019},
  publisher = {Editora {\'E}rica},
  keywords  = {Instalacoes}
}
@book{2017hardware,
  title     = {HARDWARE - MONTAGEM, CONFIGURA{\c{C}}AO E MANUTEN{\c{C}}AO DE: MICROS - ENCICLOP. PARA T{\'E}CNICOS DE PC - CURSO PRO},
  isbn      = {9788573232479},
  year      = {2017},
  publisher = {Universo dos Livros Editora},
  keywords  = {Instalacoes}
}
@book{de2023instalações,
  title     = {Instala{\c{c}}{\~o}es el{\'e}tricas e o projeto de arquitetura},
  author    = {de Carvalho J{\'u}nior, R.},
  isbn      = {9786555064124},
  year      = {2023},
  publisher = {Editora Blucher},
  keywords  = {Instalacoes}
}

% Inteligência Computacional 1
@book{daredes,
  title     = {Redes Neurais Artificiais para Engenharia e Ciências Aplicadas: Curso Prático},
  author    = {Da Silva, I.N. and Spatti, D.H. and Flauzino, R.A.},
  isbn      = {9788588098534},
  year      = {2010},
  publisher = {Artliber},
  keywords  = {IntComp}
}
@book{oliveirainteligencia,
  title     = {Inteligência Computacional Aplicada à Administração, Economia e Engenharia em MATLAB},
  author    = {Oliveira Jr., H.A.  and Machado, M.A.S. and Caldeira, A.M. and Souza, R.C. and Tanscheit, R.},
  isbn      = {9788522105601},
  year      = {2007},
  publisher = {Thomson Learning},
  keywords  = {IntComp}
}
@book{haykin2001redes,
  title        = {Redes Neurais: Princ{\'\i}pios e Pr{\'a}tica},
  author       = {Haykin, S.},
  isbn         = {9788577800865},
  year         = {2001},
  publisher    = {Bookman Editora},
  entrysubtype = {ref},
  keywords     = {IntComp}
}
@book{kasabov1996foundations,
  title        = {Foundations of Neural Networks, Fuzzy Systems, and Knowledge Engineering},
  author       = {Kasabov, N.K.},
  isbn         = {9780262112123},
  lccn         = {95050054},
  series       = {Bradford book},
  year         = {1996},
  entrysubtype = {ref},
  publisher    = {Cambridge},
  keywords     = {IntComp}
}

% Inteligência Computacional 2
@book{bonabeau1999swarm,
  title     = {Swarm intelligence: from natural to artificial systems},
  author    = {Bonabeau, Eric and Dorigo, Marco and Theraulaz, Guy},
  year      = {1999},
  publisher = {Oxford university press},
  keywords  = {IntComp2}
}
@book{ferber1999multi,
  title     = {Multi-agent systems: an introduction to distributed artificial intelligence},
  author    = {Ferber, Jacques and Weiss, Gerhard},
  volume    = {1},
  year      = {1999},
  publisher = {Addison-wesley Reading},
  keywords  = {IntComp2}
}
@book{back2018evolutionary,
  title     = {Evolutionary computation 1: Basic algorithms and operators},
  author    = {B{\"a}ck, Thomas},
  year      = {2018},
  publisher = {CRC press},
  keywords  = {IntComp2}
}
@book{dasgupta2012artificial,
  title     = {Artificial immune systems and their applications},
  author    = {Dasgupta, Dipankar},
  year      = {2012},
  publisher = {Springer Science \& Business Media},
  keywords  = {IntComp2}
}

% Laboratório de Programação
@book{kernighan1989c,
  title     = {C: a linguagem de programa{\c{c}}{\~a}o padr{\~a}o ANSI},
  author    = {Kernighan, B.W. and Ritchie, D.M.},
  isbn      = {978-85-7001-586-0},
  year      = {1989},
  publisher = {Campus},
  keywords  = {LabProgI}
}
@book{damaslinguagem,
  title     = {LINGUAGEM C},
  author    = {DAMAS, L.M.D.},
  isbn      = {978-85-2161-519-4},
  year      = {2007},
  edition   = {10a. Edi{\c{c}}{\~a}o},
  publisher = {LTC},
  keywords  = {LabProgI}
}
@book{nevesprogramação,
  title     = {Programa{\c{c}}{\~a}o Shell Linux (7a. edi{\c{c}}{\~a}o)},
  author    = {NEVES, J.C.},
  year      = {2013},
  edition   = {9a. Edi{\c{c}}{\~a}o},
  isbn      = {978-85-7452-593-8},
  publisher = {BRASPORT},
  keywords  = {LabProgI}
}
@book{gustedt2019modern,
  title     = {Modern C},
  author    = {Gustedt, J.},
  isbn      = {9781638350651},
  lccn      = {2020288050},
  year      = {2019},
  publisher = {Manning},
  keywords  = {LabProgI}
}

% Laboratório de Programação Orientada a Objetos
@book{barbosa2010interaccao,
  title     = {Intera{\c{c}}{\~a}o humano-computador},
  author    = {Barbosa, Simone and Silva, Bruno},
  isbn      = {8535234187},
  year      = {2010},
  publisher = {Elsevier Brasil},
  keywords  = {LabPOO}
}
@book{sebesta2011conceitoss,
  title     = {Conceitos de Linguagens de Programa{\c{c}}{\~a}o},
  author    = {Sebesta, R.W.},
  isbn      = {9788577808625},
  year      = {2011},
  publisher = {Bookman},
  keywords  = {LabPOO}
}
@article{mclaughlin2007use,
  title    = {Use a cabe{\c{c}}a an{\'a}lise e projeto orientado ao objeto},
  author   = {McLAUGHLIN, Brett and Pollice, Gary and WEST, David},
  journal  = {Rio de Janeiro, RJ: Alta Books, c2007},
  year     = {2007},
  keywords = {LabPOO}
}

% Lógica em Programação
@book{coutinho2023numeros,
  author    = {Severino Collier Coutinho},
  title     = {Números inteiros e criptografia RSA},
  edition   = {3},
  year      = {2023},
  publisher = {IMPA},
  address   = {Rio de Janeiro},
  isbn      = {978-85-244-0527-3},
  keywords  = {LogProg}
}
@book{baader2010description,
  editor    = {Franz Baader and Diego Calvanese and Deborah McGuinness and Daniele Nardi and Peter Patel-Schneider},
  title     = {The Description Logic Handbook: Theory, Implementation, and Applications},
  year      = {2010},
  publisher = {Cambridge University Press},
  isbn      = {0521150116},
  keywords  = {LogProg}
}
@article{krotzsch2012description,
  author   = {Markus Krötzsch and Frantisek Simancik and Ian Horrocks},
  title    = {A Description Logic Primer},
  journal  = {arXiv preprint arXiv:1201.4089},
  year     = {2012},
  url      = {http://www.learnprolognow.org/},
  keywords = {LogProg}
}
@book{russell2010artificial,
  author    = {Stuart J. Russell and Peter Norvig},
  title     = {Artificial Intelligence: A Modern Approach},
  series    = {Prentice Hall Series in Artificial Intelligence},
  publisher = {Prentice Hall},
  year      = {2010},
  isbn      = {9780136042594},
  keywords  = {LogProg}
}

% Metodologia de Ciencias da Computação
@book{wazlawick2020metodologia,
  title     = {Metodologia de Pesquisa para Ci{\^e}ncia da Computa{\c{c}}{\~a}o},
  author    = {WAZLAWICK, R.S.},
  isbn      = {9788595151093},
  year      = {2020},
  publisher = {GEN LTC},
  keywords  = {MetodologiaCien, ProjXIB}
}
@book{lakatos2017fundamentos,
  title     = {Fundamentos De Metodologia Cient{\'\i}fica},
  author    = {Lakatos, E.M. and de Andrade Marconi, M.},
  isbn      = {9788597010121},
  year      = {2017},
  publisher = {ATLAS EDITORA},
  keywords  = {MetodologiaCien, ProjXIB}
}

% Mineração de Dados
@book{goldschmidtdata,
  title     = {Data Mining - Um Guia Prático},
  author    = {Goldschmidt, R. and Passos, E.},
  isbn      = {9788535218770},
  year      = {2005},
  publisher = {Campus},
  keywords  = {MinDados}
}
@book{lindenalgoritmos,
  title     = {Algoritmos Gen{\'e}ticos},
  author    = {Linden, R.},
  edition   = {3},
  year      = {2012},
  isbn      = {9788574523736},
  publisher = {Ciência Moderna},
  keywords  = {MinDados}
}
@book{witten2011data,
  title        = {Data Mining: Practical Machine Learning Tools and Techniques},
  author       = {Witten, I.H. and Frank, E. and Hall, M.A.},
  isbn         = {9780080890364},
  series       = {The Morgan Kaufmann Series in Data Management Systems},
  year         = {2011},
  publisher    = {Elsevier Science},
  entrysubtype = {ref},
  keywords     = {MinDados}
}
@book{han2011data,
  title        = {Data Mining: Concepts and Techniques},
  author       = {Han, J. and Kamber, M. and Pei, J.},
  isbn         = {9780123814807},
  series       = {The Morgan Kaufmann Series in Data Management Systems},
  year         = {2011},
  publisher    = {Elsevier Science},
  entrysubtype = {ref},
  keywords     = {MinDados}
}

% Processamento de Sinais e Imagens
@book{gonzalez2010processamento,
  title     = {Processamento Digital De Imagens},
  author    = {Gonzalez, R.C. and Woods, R.E.},
  isbn      = {9788576054016},
  year      = {2010},
  edition   = {3},
  publisher = {Pearson},
  keywords  = {ProcSinImag}
}
@book{pedrini2008analise,
  title     = {An{\'a}lise de imagens digitais: princ{\'\i}pios, algoritmos e aplica{\c{c}}{\~o}es},
  author    = {Pedrini, H{\'e}lio and Schwartz, William Robson},
  year      = {2008},
  publisher = {Cengage Learning},
  keywords  = {ProcSinImag}
}
@book{oppenheim1999discrete,
  title     = {Discrete-time Signal Processing},
  author    = {Oppenheim, A.V. and Schafer, R.W. and Buck, J.R.},
  isbn      = {9780137549207},
  lccn      = {98050398},
  series    = {Prentice Hall international editions},
  year      = {1999},
  publisher = {Prentice Hall},
  keywords  = {ProcSinImag}
}
@book{burger2013principles,
  title     = {Principles of Digital Image Processing: Advanced Methods},
  author    = {Burger, W. and Burge, M.J.},
  isbn      = {9781848829206},
  series    = {Undergraduate Topics in Computer Science},
  year      = {2013},
  publisher = {Springer London},
  keywords  = {ProcSinImag}
}

% Projeto de Banco de Dados
@book{silberschatz2016sistema,
  title     = {Sistema de Banco de Dados},
  author    = {Silberschatz, A. and Sundarshan, S. and Korth, H.F.},
  isbn      = {9788535251425},
  year      = {2016},
  publisher = {Elsevier},
  keywords  = {ProjBD}
}
@book{elmasri2019sistemas,
  title     = {Sistemas de Banco de Dados},
  author    = {Elmasri, R. and Navathe, S.B.},
  isbn      = {9788543025001},
  year      = {2019},
  publisher = {Pearson Universidades},
  keywords  = {ProjBD}
}
@book{date2004introdução,
  title     = {Introdu{\c{c}}{\~a}o a sistemas de bancos de dados},
  author    = {Date, C.J.},
  isbn      = {9788535212730},
  year      = {2004},
  publisher = {ELSEVIER EDITORA},
  keywords  = {ProjBD}
}

% Projeto de Sistemas Operacionais
@book{tanenbaum2010sistemas,
  title     = {Sistemas operacionais modernos},
  author    = {Tanenbaum, A.S.},
  isbn      = {9788576052371},
  year      = {2010},
  publisher = {Prentice-Hall do Brasil},
  keywords  = {ProjSO}
}
@book{silberschatz2008sistemas,
  title     = {Sistemas Operacionais com Java},
  author    = {Silberschatz, A.},
  isbn      = {9788535224061},
  year      = {2008},
  publisher = {Campus - RJ},
  keywords  = {ProjSO}
}
@book{tanenbaumsistemas,
  title        = {Sistemas Operacionais: Projetos e Implementa{\c{c}}{\~a}o},
  author       = {Tanenbaum, A.S. and Woodhull, A.S.},
  isbn         = {9788577802852},
  year         = {2008},
  publisher    = {Bookman},
  entrysubtype = {ref},
  keywords     = {ProjSO}
}
@book{deitel2005sistemas,
  title        = {Sistemas operacionais},
  author       = {Deitel, H.M. and Deitel, P.J. and Choffnes, D.R.},
  isbn         = {9788576050117},
  year         = {2005},
  publisher    = {Pearson Prentice Hall},
  entrysubtype = {ref},
  keywords     = {ProjSO}
}
@book{foster1995designing,
  title        = {Designing and Building Parallel Programs: Concepts and Tools for Parallel Software Engineering},
  author       = {Foster, I.},
  isbn         = {9780201575941},
  series       = {Literature and Philosophy},
  url          = {http://www-unix.mcs.anl.gov/dbpp},
  year         = {1995},
  publisher    = {Addison-Wesley},
  entrysubtype = {ref},
  keywords     = {ProjSO}
}
@book{stallings2009operating,
  title        = {Operating Systems: Internals and Design Principles},
  author       = {Stallings, W.},
  isbn         = {9780133805918},
  series       = {GOAL Series},
  year         = {2014},
  publisher    = {Pearson/Prentice Hall},
  entrysubtype = {ref},
  keywords     = {ProjSO}
}

% Segurança de Redes
@book{mcnab2019avaliação,
  title     = {Avalia{\c{c}}{\~a}o de seguran{\c{c}}a de redes: Conhe{\c{c}}a a sua rede},
  author    = {McNab, C.},
  isbn      = {9788575227619},
  year      = {2019},
  publisher = {Novatec Editora},
  keywords  = {SegRedes}
}
@book{stallings2014criptografia,
  title        = {Criptografia e Seguran{\c{c}}a de Redes: Princ{\'\i}pios e Pr{\'a}ticas},
  author       = {Stallings, W.},
  isbn         = {9788543005898},
  year         = {2014},
  publisher    = {Pearson Universidades},
  entrysubtype = {ref},
  keywords     = {SegRedes}
}
@book{terada2008segurança,
  title        = {Seguran{\c{c}}a de dados: Criptografia em rede de computador},
  author       = {Terada, R.},
  isbn         = {9788521215400},
  year         = {2008},
  publisher    = {Editora Blucher},
  entrysubtype = {ref},
  keywords     = {SegRedes}
}
@book{fernandes2019segurança,
  title        = {Seguran{\c{c}}a em cloud e dispositivos wireless},
  author       = {Fernandes, E.A.},
  isbn         = {9788539611713},
  series       = {S{\'e}rie Universit{\'a}ria},
  year         = {2019},
  publisher    = {Editora Senac S{\~a}o Paulo},
  entrysubtype = {ref},
  keywords     = {SegRedes}
}
@book{oliveira2018segurança,
  title     = {Seguran{\c{c}}a em redes de computadores},
  author    = {Oliveira, R.C.Q.},
  isbn      = {9788539610969},
  series    = {S{\'e}rie Universit{\'a}ria},
  year      = {2018},
  publisher = {Editora Senac S{\~a}o Paulo},
  keywords  = {SegRedes}
}
@book{fazzanaro2013segurança,
  title    = {Seguran{\c{c}}a Em Redes De Computadores},
  author   = {Fazzanaro, P.L.},
  isbn     = {9788591552832},
  year     = {2013},
  keywords = {SegRedes}
}
@book{de2015segurança,
  title        = {Seguran{\c{c}}a em Redes sem Fio -- 4{\textordfeminine} edi{\c{c}}{\~a}o: Aprenda a proteger suas informa{\c{c}}{\~o}es em ambientes Wi-Fi e Bluetooth},
  author       = {de Oliveira Rufino, N.M.},
  isbn         = {9788575224137},
  year         = {2015},
  publisher    = {Novatec Editora},
  entrysubtype = {ref},
  keywords     = {SegRedes}
}

% Sistemas Embutidos
@book{de2006sistemas,
  title     = {Sistemas embarcados: hardware e firmware na pr{\'a}tica},
  author    = {de Oliveira, A.S. and de Andrade, F.S.},
  isbn      = {9788536501055},
  year      = {2006},
  publisher = {Editora {\'E}rica Ltda},
  keywords  = {SisEmb}
}
@book{d2005vhdl,
  title     = {VHDL: descri{\c{c}}ao e s{\'i}ntese de circuitos digitais},
  author    = {D'Amore, R.},
  isbn      = {978-85-216-2054-9},
  year      = {2012},
  publisher = {LTC},
  keywords  = {SisEmb}
}
@book{flynn2011computer,
  title        = {Computer System Design: System-on-Chip},
  author       = {Flynn, M.J. and Luk, W.},
  isbn         = {9781118009918},
  year         = {2011},
  publisher    = {John Wiley \& Sons},
  entrysubtype = {ref},
  keywords     = {SisEmb}
}
@book{pasricha2010chip,
  title        = {On-Chip Communication Architectures: System on Chip Interconnect},
  author       = {Pasricha, S. and Dutt, N.},
  isbn         = {9780080558288},
  series       = {ISSN},
  year         = {2010},
  publisher    = {Elsevier Science},
  entrysubtype = {ref},
  keywords     = {SisEmb}
}
@book{noergaard2012embedded,
  title        = {Embedded Systems Architecture: A Comprehensive Guide for Engineers and Programmers},
  author       = {Noergaard, T.},
  isbn         = {0750677929},
  series       = {Embedded technology series},
  year         = {2005},
  publisher    = {Elsevier Science},
  entrysubtype = {ref},
  keywords     = {SisEmb}
}
@book{rowen2004engineering,
  title        = {Engineering the Complex SOC: Fast, Flexible Design with Configurable Processors},
  author       = {Rowen, C.},
  isbn         = {9780131455375},
  series       = {Prentice Hall modern semiconductor design series},
  year         = {2004},
  publisher    = {Prentice Hall},
  entrysubtype = {ref},
  keywords     = {SisEmb}
}
@book{wayne2004fpga,
  title        = {FPGA-Based System Design},
  author       = {Wayne, W.},
  isbn         = {9788131724651},
  year         = {2004},
  publisher    = {Pearson Education},
  entrysubtype = {ref},
  keywords     = {SisEmb}
}
@book{arnold2002embedded,
  title        = {Embedded Systems Design: An Introduction to Processes, Tools, and Techniques},
  author       = {Arnold S. Berger},
  isbn         = {9781578200733},
  series       = {CMP Books},
  year         = {2002},
  publisher    = {Taylor \& Francis},
  entrysubtype = {ref},
  keywords     = {SisEmb}
}
@book{navabi1998vhdl,
  title        = {VHDL: Analysis and Modeling of Digital Systems},
  author       = {Navabi, Z.},
  isbn         = {9780070464797},
  series       = {Electrical \& electronic technology series},
  year         = {1998},
  publisher    = {McGraw-Hill},
  entrysubtype = {ref},
  keywords     = {SisEmb}
}
@book{2007specification,
  title        = {Specification and Design of Embedded Systems},
  isbn         = {9788131716120},
  author       = {Gajski, D. and Vahid, F. and	Sanjiv, N. and Gong, J.},
  year         = {1994},
  publisher    = {Pearson Education},
  entrysubtype = {ref},
  keywords     = {SisEmb}
}

% Teleprocessamento
@book{comer2007redes,
  title     = {Redes de Computadores E Internet 4 Ed.},
  author    = {Comer, D.E.},
  isbn      = {9788560031368},
  edition   = {7},
  year      = {2007},
  publisher = {Editora Bookman},
  keywords  = {Telep}
}
@book{tanenbaum2003redes,
  title     = {Redes de computadores},
  author    = {Tanenbaum, A.S. and Wetherall, D. J.},
  edition   = {5},
  year      = {2011},
  publisher = {Editora Pearson},
  keywords  = {Telep}
}
@book{kurose2010redes,
  title        = {Redes de computadores e a internet: uma abordagem top-down},
  author       = {Kurose, J.F. and Ross, K.W.},
  isbn         = {8588639971},
  edition      = {6},
  year         = {2013},
  publisher    = {Pearson},
  entrysubtype = {ref},
  keywords     = {Telep}
}
@book{maiaarquitetura,
  title        = {Arquitetura de Redes de Computadores},
  author       = {Maia, L.P.},
  isbn         = {9788521616825},
  edition      = {2},
  publisher    = {LTC},
  year         = {2013},
  entrysubtype = {ref},
  keywords     = {Telep}
}
@book{starlingtcp,
  title        = {TCP/IP: Redes e Computadores e Comunica{\c{c}}{\~a}o de Dados},
  author       = {Starlin, G.},
  isbn         = {8576080567},
  publisher    = {Editora Alta Books},
  year         = {2004},
  entrysubtype = {ref},
  keywords     = {Telep}
}
@book{comer2006interligação,
  title        = {Interliga{\c{c}}{\~a}o de redes com TCP/IP},
  author       = {Comer, D.E.},
  number       = {v. 1},
  isbn         = {9788535220179},
  year         = {2006},
  publisher    = {Elsevier},
  entrysubtype = {ref},
  keywords     = {Telep}
}
@book{conallen2003desenvolvendo,
  title        = {Desenvolvendo aplica{\c{c}}{\~o}es Web com UML},
  author       = {Conallen, J.},
  isbn         = {9788535212099},
  year         = {2003},
  publisher    = {Editora Campus},
  entrysubtype = {ref},
  keywords     = {Telep}
}

% Teoria de Compiladores
@book{aho2008compiladores,
  title     = {Compiladores: princ{\'i}pios, t{\'e}cnicas e ferramentas},
  author    = {AHO, A.V. and Sethi, R. and Lam, S.},
  isbn      = {9788588639249},
  year      = {2008},
  edition   = {2},
  publisher = {Pearson Addison Wesley},
  keywords  = {TeoCompil}
}
@book{hopcroftintroduçao,
  title     = {Introdu{\c{c}}{\~a}o {\`a} Teoria de Aut{\^o}matos, Linguagens e Computa{\c{c}}{\~a}o},
  author    = {Hopcroft, J. E. and Motwani, R. and Ullman, J. D.},
  isbn      = {9788535210729},
  publisher = {Campus},
  keywords  = {TeoCompil}
}
@book{de2000implementação,
  title        = {Implementa{\c{c}}{\~a}o de linguagens de programa{\c{c}}{\~a}o: compiladores},
  author       = {de Alencar Price, A.M. and Toscani, S.S. and Instituto de Inform{\'a}tica da UFRGS.},
  isbn         = {9788524106392},
  series       = {S{\'e}rie Livros Did{\'a}ticos},
  volume       = {9},
  edition      = {3},
  year         = {2008},
  publisher    = {Bookman},
  entrysubtype = {ref},
  keywords     = {TeoCompil}
}
@book{lewis2004elementos,
  title        = {Elementos de teoria da computa{\c{c}}{\~a}o},
  author       = {Lewis, H.R. and Papadimitriou, C.H.},
  isbn         = {9788573075342},
  edition      = {2},
  year         = {2000},
  publisher    = {Bookman},
  entrysubtype = {ref},
  keywords     = {TeoCompil}
}
@book{diverio2011teoria,
  title        = {Teoria da Computa{\c{c}}{\~a}o: M{\'a}quinas Universais e Computabilidade - Vol.5},
  author       = {Diverio, T.A. and Menezes, P.B.},
  isbn         = {9788577808311},
  year         = {2011},
  volume       = {5},
  edition      = {3},
  publisher    = {Bookman},
  entrysubtype = {ref},
  keywords     = {TeoCompil}
}
@book{louden2004compiladores,
  title        = {Compiladores - Princ{\'i}pios e Pr{\'a}ticas},
  author       = {Louden, K.C.},
  isbn         = {9788522104222},
  year         = {2004},
  publisher    = {Pioneira Cengage Learning},
  entrysubtype = {ref},
  keywords     = {TeoCompil}
}

% Teoria dos Grafos e Aplicações
@book{bondy2008graph,
  title     = {Graph theory},
  author    = {Bondy, John Adrian and Murty, Uppaluri Siva Ramachandra},
  year      = {2008},
  publisher = {Springer Publishing Company, Incorporated},
  keywords  = {TeoriaGrafos}
}
@book{west2001introduction,
  title     = {Introduction to graph theory},
  author    = {West, Douglas Brent and others},
  volume    = {2},
  year      = {2001},
  publisher = {Prentice hall Upper Saddle River},
  keywords  = {TeoriaGrafos}
}
@book{gross2018graph,
  title     = {Graph theory and its applications},
  author    = {Gross, Jonathan L and Yellen, Jay and Anderson, Mark},
  year      = {2018},
  publisher = {Chapman and Hall/CRC},
  keywords  = {TeoriaGrafos}
}
@book{netto2003grafos,
  title     = {Grafos: teoria, modelos, algoritmos},
  author    = {Netto, Paulo Oswaldo Boaventura},
  year      = {2003},
  publisher = {Editora Blucher},
  keywords  = {TeoriaGrafos}
}
@book{netto2017grafos,
  title     = {Grafos: introdu{\c{c}}{\~a}o e pr{\'a}tica},
  author    = {Netto, Paulo Oswaldo Boaventura and Jurkiewicz, Samuel},
  year      = {2017},
  publisher = {Editora Blucher},
  keywords  = {TeoriaGrafos}
}

% ===========================================

% ----------------------------
@book{teoreyprojeto,
  title     = {Projeto e modelagem de bancos de dados},
  author    = {Teorey, Toby and Lightstone, Sam and Nadeu, Tom and Jagadish, H.V.},
  isbn      = {978-85-352-6445-6},
  year      = {2013},
  edition   = {5},
  publisher = {Editora Campus},
  keywords  = {EngSistB}
}

@book{silberschatz1999sistema,
  title     = {Sistema de bancos de dados},
  author    = {Silberschatz, A. and Korth, H.F. and Sudarshan, S.},
  isbn      = {978-85-352-4535-6},
  year      = {2012},
  edition   = {6},
  publisher = {Editora Campus},
  keywords  = {EngSistB}
}

@book{elmasri2005sistemas,
  title        = {Sistemas de banco de dados},
  author       = {Elmasri, R. and Navathe, S.B.},
  isbn         = {9788588639171},
  year         = {2011},
  edition      = {6},
  publisher    = {Pearson Addison Wesley},
  entrysubtype = {ref},
  keywords     = {EngSistB}
}

@book{angelottibanco,
  title        = {Banco de Dados},
  author       = {Angelotti, Elaini Simoni},
  isbn         = {9788563687029},
  year         = {2012},
  publisher    = {Editora do Livro Técnico},
  entrysubtype = {ref},
  keywords     = {EngSistB}
}

@book{robsistemas,
  title        = {Sistemas de Banco de Dados - Projeto, Implementa{\c{c}}\~{a}o e Administra{\c{c}}\~{a}o},
  author       = {Rob, P. and Coronel, C.},
  isbn         = {9788522107865},
  year         = {2010},
  publisher    = {Editora Cengage Learning},
  entrysubtype = {ref},
  keywords     = {EngSistB}
}


% Eletivas ======================================
% Eletiva Aprendizagem por Reforço
@book{sutton2018reinforcement,
  title     = {Reinforcement Learning: An Introduction},
  author    = {Sutton, Richard S. and Barto, Andrew G.},
  year      = {2018},
  publisher = {MIT Press},
  isbn      = {9780262039246},
  edition   = {2nd},
  keywords  = {E_AprendizadoR}
}
@book{szepesvari2010algorithms,
  title     = {Algorithms for Reinforcement Learning},
  author    = {Szepesv{\'a}ri, Csaba},
  year      = {2010},
  publisher = {Morgan \& Claypool Publishers},
  isbn      = {9781608454921},
  keywords  = {E_AprendizadoR}
}
@book{bertsekas2019reinforcement,
  title     = {Reinforcement Learning and Optimal Control},
  author    = {Bertsekas, Dimitri P.},
  year      = {2019},
  publisher = {Athena Scientific},
  isbn      = {9781886529397},
  keywords  = {E_AprendizadoR}
}

% Eletiva Aprendizagem Profundo
@article{goyal2018deep,
  title     = {Deep learning for natural language processing},
  author    = {Goyal, Palash and Pandey, Sumit and Jain, Karan},
  journal   = {New York: Apress},
  year      = {2018},
  isbn      = {9781484236840},
  publisher = {Springer},
  keywords  = {E_AprendizadoPLN}
}
@book{goldberg2022neural,
  title     = {Neural network methods for natural language processing},
  author    = {Goldberg, Yoav},
  year      = {2017},
  publisher = {Springer Nature},
  isbn      = {9783031010378},
  keywords  = {E_AprendizadoPLN}
}
@book{tunstall2022natural,
  title     = {Natural language processing with transformers},
  author    = {Tunstall, Lewis and Von Werra, Leandro and Wolf, Thomas},
  year      = {2022},
  publisher = {" O'Reilly Media, Inc."},
  keywords  = {E_AprendizadoPLN},
  isbn      = {9781098136796}
}

% Eletiva  Automação e Robótica
@book{muniz2022jornada,
  title     = {Jornada RPA e Hiperautoma{\c{c}}{\~a}o: como acelerar a transforma{\c{c}}{\~a}o digital somando tecnologia e processos inteligentes},
  author    = {Muniz, Antonio and Rodrigues, Ana Cl{\'a}udia and Martins, Leonardo and Strafacci, Gilberto},
  year      = {2022},
  publisher = {Brasport},
  keywords  = {E_Automacao}
}
@article{langmann2022robotic,
  title     = {Robotic Process Automation (RPA)-Digitization and Automation of Processes},
  author    = {Langmann, Christian and Turi, Daniel},
  journal   = {Springer Books},
  year      = {2022},
  publisher = {Springer},
  keywords  = {E_Automacao}
}

% Eletiva Geoinformática
@book{gilberto2001introduccao,
  title    = {Introdu{\c{c}}{\~a}o {\`a} Ci{\^e}ncia da Geoinforma{\c{c}}{\~a}o},
  author   = {C{\^a}mara, G. and Davis, C.  and Monteiro, A. M. V.},
  year     = {2001},
  keywords = {E_Geo}
}
@book{casanova2005bancos,
  title     = {Bancos de dados geograficos},
  author    = {Casanova, M.A. and Camara, G. and Davis, C.A.},
  year      = {2005},
  publisher = {MundoGEO},
  keywords  = {E_Geo}
}
@book{mather2022computer,
  title     = {Computer Processing of Remotely-Sensed Images},
  author    = {Mather, P.M. and Koch, M.},
  isbn      = {9781119502975},
  lccn      = {2021059915},
  year      = {2022},
  publisher = {Wiley},
  keywords  = {E_Geo}
}
@book{jensen2016introductory,
  title     = {Introductory Digital Image Processing: A Remote Sensing Perspective},
  author    = {Jensen, J.R.},
  isbn      = {9780134058160},
  lccn      = {2015007022},
  series    = {Always Learning},
  year      = {2016},
  publisher = {Pearson Education, Incorporated},
  keywords  = {E_Geo}
}
@book{cardille2023cloud,
  title     = {Cloud-Based Remote Sensing with Google Earth Engine: Fundamentals and Applications},
  author    = {Cardille, J.A. and Crowley, M.A. and Saah, D. and Clinton, N.E.},
  isbn      = {9783031265884},
  year      = {2023},
  publisher = {Springer International Publishing},
  keywords  = {E_Geo}
}
@book{lillesand2015remote,
  title     = {Remote Sensing and Image Interpretation},
  author    = {Lillesand, T. and Kiefer, R.W. and Chipman, J.},
  isbn      = {9781118343289},
  lccn      = {2014046641},
  year      = {2015},
  publisher = {Wiley},
  keywords  = {E_Geo}
}

%%%%


% Eletiva Redes de Interconexão
@book{hennessy2012computer,
  title     = {Arquitetura de computadores: uma abordagem quantitativa},
  author    = {Hennessy, J.L. and Patterson, D.A.},
  isbn      = {978-85-352-6122-6},
  year      = {2013},
  publisher = {Campus},
  keywords  = {E_RedesInter}
}
@book{arquitetura,
  title     = {Arquitetura de computadores: de microprocessadores a supercomputadores},
  author    = {Parhami, Behrooz},
  isbn      = {9788577260256},
  year      = {2008},
  publisher = {Prentice Hall},
  keywords  = {E_RedesInter}
}
@book{duato2003interconnection,
  title     = {Interconnection Networks: An Engineering Approach},
  author    = {Duato, J. and Yalamanchili, S. and Ni, L.M.},
  isbn      = {9781558608528},
  series    = {The Morgan Kaufmann Series in Computer Architecture and Design Series},
  year      = {2003},
  publisher = {Morgan Kaufmann},
  keywords  = {E_RedesInter}
}

% Eletiva de Sistemas Operacionais para Robótica Inteligente
@book{quigley2015programming,
  title     = {Programming Robots with ROS: a practical introduction to the Robot Operating System},
  author    = {Quigley, Morgan and Gerkey, Brian and Smart, William D},
  year      = {2015},
  isbn      = {9781449323899},
  publisher = {" O'Reilly Media, Inc."},
  keywords  = {E_SOpRobot}
}
@book{fernandez2015learning,
  title     = {Learning ROS for robotics programming},
  author    = {Fernandez, Enrique and Crespo, Luis Sanchez and Mahtani, Anil and Martinez, Aaron},
  year      = {2015},
  isbn      = {9781783987580},
  publisher = {Packt Publishing Ltd},
  keywords  = {E_SOpRobot}
}
@book{joseph2018mastering,
  title     = {Mastering ROS for Robotics Programming: Design, build, and simulate complex robots using the Robot Operating System},
  author    = {Joseph, Lentin and Cacace, Jonathan},
  year      = {2018},
  isbn      = {9781788478953},
  publisher = {Packt Publishing Ltd},
  keywords  = {E_SOpRobot}
}

% Eletiva de Técnicas de Programação e Otimização Combinatória
@article{maculan2006otimizaccao,
  title    = {Otimiza{\c{c}}{\~a}o linear},
  author   = {Maculan, Nelson and Fampa, Marcia H Costa},
  journal  = {Editora Universidade de Brasilia: Brasilia},
  year     = {2006},
  keywords = {E_TecnicasPOC}
}
@book{feofiloff2022otimizaccao,
  title     = {Otimiza{\c{c}}{\~a}o Combinat{\'o}ria},
  author    = {Feofiloff, Paulo},
  year      = {2022},
  publisher = {Unicamp},
  keywords  = {E_TecnicasPOC}
}
@book{goldbarg2017otimizaccao,
  title     = {Otimiza{\c{c}}{\~a}o combinat{\'o}ria e metaheur{\'\i}sticas: algoritmos e aplica{\c{c}}{\~o}es},
  author    = {Goldbarg, Elizabeth and Goldbarg, Marco and Luna, Henrique},
  year      = {2017},
  publisher = {Elsevier Brasil},
  keywords  = {E_TecnicasPOC}
}

% Eletiva de Visão Computacional
@book{goodfellow2016deep,
  title     = {Deep learning},
  author    = {Goodfellow, Ian and Bengio, Yoshua and Courville, Aaron},
  year      = {2016},
  isbn      = {9780262035613},
  publisher = {MIT press},
  keywords  = {E_VisaoComp}
}
@book{chollet2021deep,
  title     = {Deep learning with Python},
  author    = {Chollet, Francois},
  year      = {2021},
  publisher = {Simon and Schuster},
  isbn      = {9781617294433},
  keywords  = {E_VisaoComp, E_TE_VisaoC}
}
@book{szeliski2022computer,
  title     = {Computer vision: algorithms and applications},
  author    = {Szeliski, Richard},
  year      = {2022},
  publisher = {Springer Nature},
  isbn      = {9783030343712},
  keywords  = {E_VisaoComp, E_TE_VisaoC}
}